@article{fast,
  author = {Trajkovic, Miroslav and Hedley, Mark},
  year = {1998},
  month = {02},
  pages = {75-87},
  title = {Fast Corner Detection},
  volume = {16},
  journal = {Image and Vision Computing},
  doi = {10.1016/S0262-8856(97)00056-5}
}

@inproceedings{svo,
  author = {Forster, Christian and Pizzoli, Matia and Scaramuzza, Davide},
  title = {{SVO}: Fast Semi-Direct Monocular Visual Odometry},
  booktitle = {IEEE International Conference on Robotics and Automation (ICRA)},
  year = {2014}
}

@inproceedings{svo2,
  author = {Forster, Christian and Zhang, Zichao and Gassner, Michael and Werlberger, Manuel and Scaramuzza, Davide },
  title = {{SVO}: Semi-Direct Visual Odometry for Monocular and Multi-Camera Systems},
  booktitle = {IEEE TRO'17},
  year = {2017}
}

@manual{lucas_kanade,
  author = {OpenCV},
  year = {2019},
  title = {Optical Flow},
  url    = {https://docs.opencv.org/4.0.1/d7/d8b/tutorial_py_lucas_kanade.html},
  note =  {accessed December 27, 2019)}
}

@article{inverse_compositional,
  author="Baker, Simon
    and Matthews, Iain",
  title="Lucas-Kanade 20 Years On: A Unifying Framework",
  journal="International Journal of Computer Vision",
  year="2004",
  month="Feb",
  day="01",
  volume="56",
  number="3",
  pages="221--255",
  issn="1573-1405",
  doi="10.1023/B:VISI.0000011205.11775.fd",
  url="https://doi.org/10.1023/B:VISI.0000011205.11775.fd"
}

@TECHREPORT{se3_explain,
  author = {Blanco, José-Luis},
  title = {A tutorial on SE(3) transformation parameterizations and on-manifold optimization},
  year = {2010},
  institution = {University of Malaga},
  url = {http://ingmec.ual.es/~jlblanco/papers/jlblanco2010geometry3D_techrep.pdf}
}

@manual{taylor_series,
  author = {Wikipedia},
  year = {2019},
  title = {Taylor Series},
  url    = {https://en.wikipedia.org/wiki/Taylor_series},
  note = {accessed December 27, 2019}
}

@book{rvc,
  author = {Peter Corke},
  title = {Robotics, Vision and Control},
  publisher = {Springer},
  isbn      = {978-3-319-54413-7}
}

@manual{ransac,
  author = {Wikipedia},
  year = {2019},
  title = {RANSAC},
  url    = {https://de.wikipedia.org/wiki/RANSAC-Algorithmus},
  note = {accessed December 27, 2019}
}

@inproceedings{dtam,
  author = {Newcombe, Richard A. and Lovegrove, Steven and Davison, Andrew J.},
  booktitle = {ICCV},
  editor = {Metaxas, Dimitris N. and Quan, Long and Sanfeliu, Alberto and Gool, Luc J. Van},
  isbn = {978-1-4577-1101-5},
  keywords = {DTAM SLAM},
  pages = {2320-2327},
  publisher = {IEEE},
  title = {DTAM: Dense tracking and mapping in real-time.},
  url = {http://dblp.uni-trier.de/db/conf/iccv/iccv2011.html#NewcombeLD11},
  year = {2011}
}

@article{orbslam,
  added-at = {2018-08-13T00:00:00.000+0200},
  author = {Mur-Artal, Raul and Montiel, J. M. M. and Tardós, Juan D.},
  biburl = {https://www.bibsonomy.org/bibtex/257b87bca527ed82672da072182c8b121/dblp},
  ee = {http://arxiv.org/abs/1502.00956},
  interhash = {967b6a4555c93e334184ced14b8a40d9},
  intrahash = {57b87bca527ed82672da072182c8b121},
  journal = {CoRR},
  keywords = {dblp},
  timestamp = {2018-08-14T11:56:19.000+0200},
  title = {ORB-SLAM: a Versatile and Accurate Monocular SLAM System.},
  url = {http://dblp.uni-trier.de/db/journals/corr/corr1502.html#Mur-ArtalMT15},
  volume = {abs/1502.00956},
  year = 2015
}

@manual{realsense,
  author = {Intel},
  year = {2019},
  title = {Intel RealSense},
  url    = {https://realsense.intel.com/depth-camera/#D415_D435},
  note = {accessed December 27, 2019}
}

@manual{tara,
  author = {Econ},
  year = {2019},
  title = {Tara Stereo Camera},
  url = {https://www.e-consystems.com/3D-USB-Stereokamera-de.asp},
  note = {accessed December 27, 2019}
}

@manual{zed,
  author = {Stereo Labs},
  year = {2019},
  title = {ZED Stereo Camera},
  url = {https://www.stereolabs.com/zed/},
  note = {accessed December 27, 2019}
}

@manual{svo_edglet,
  author = {HeYijia},
  year = {2017},
  title = {SVO Edgled},
  url = {https://github.com/HeYijia/svo_edgelet},
  note = {accessed January 02, 2020}
}

@manual{blender,
  author = {Blender},
  year = {2019},
  title = {Blender Demo files},
  url = {https://www.blender.org/download/demo-files/},
  note = {accessed January 02, 2020}
}

@manual{blender_stereo,
  author = {Blender},
  year = {2020},
  title = {Blender Stereo Camera},
  url = {https://docs.blender.org/manual/en/latest/render/output/multiview/usage.html#stereoscopy-setup},
  note = {accessed January 08, 2020}
}

@manual{pcl,
  author = {Point Cloud Library},
  year = {2019},
  title = {Point Cloud Library},
  url = {https://github.com/PointCloudLibrary},
  note = {accessed January 03, 2020}
}

@article{euroc,
  author = {Burri, Michael and Nikolic, Janosch and Gohl, Pascal and Schneider, Thomas and Rehder, Joern and Omari, Sammy and Achtelik, Markus W and Siegwart, Roland}, 
  title = {The EuRoC micro aerial vehicle datasets},
  year = {2016}, 
  doi = {10.1177/0278364915620033}, 
  URL = {http://ijr.sagepub.com/content/early/2016/01/21/0278364915620033.abstract}, 
  eprint = {http://ijr.sagepub.com/content/early/2016/01/21/0278364915620033.full.pdf+html}, 
  journal = {The International Journal of Robotics Research} 
}

@manual{websocket,
  author = {Wikipedia},
  year = {2019},
  title = {WebSocket},
  url = {https://en.wikipedia.org/wiki/WebSocket},
  note = {accessed January 06, 2020}
}

@book{statdig,
  author = {Monson H. Hayes},
  title = {Statistical Digital Signal Processing And Modeling},
  publisher = {Wiley},
  isbn      = {0-47159431-8}
}

@manual{calib,
  author = {OpenCV},
  title = {Camera Calibration},
  year = {2019},
  url = {https://docs.opencv.org/4.1.1/d9/d0c/group__calib3d.html},
  note = {accessed January 13, 2020}
}

@book{digimproc,
  author = {Gonzalez, Rafael C. and Woods, Richard E.},
  title = {Digital Image Processing Third Edition},
  publisher = {Pearson},
  isbn      = {978-0-13-234563-7}
}

